
   <record>
      <leader>00000nz  a2200000nc 4500</leader>
      <controlfield tag="001">institutions/51001806</controlfield>
      <controlfield tag="003">DE-633</controlfield>
      <controlfield tag="005">20250620052241.0</controlfield>
      <controlfield tag="008">180903||||z|||a|||||||||||||||||n||||||d</controlfield>
      <datafield tag="024" ind1="7" ind2=" ">
         <subfield code="a">M-MDcm</subfield>
         <subfield code="q">siglum</subfield>
         <subfield code="2">rism</subfield>
      </datafield>
      <datafield tag="034" ind1="1" ind2=" ">
         <subfield code="d">14.404052</subfield>
         <subfield code="f">35.886040</subfield>
      </datafield>
      <datafield tag="040" ind1=" " ind2=" ">
         <subfield code="a">DE-633</subfield>
         <subfield code="c">DE-633</subfield>
         <subfield code="e">rismg</subfield>
      </datafield>
      <datafield tag="043" ind1=" " ind2=" ">
         <subfield code="c">XA-MT</subfield>
      </datafield>
      <datafield tag="110" ind1="1" ind2=" ">
         <subfield code="a">Metropolitan Cathedral Museum</subfield>
         <subfield code="c">Mdina</subfield>
         <subfield code="g">M-MDcm</subfield>
      </datafield>
      <datafield tag="368" ind1=" " ind2=" ">
         <subfield code="a">Institution</subfield>
         <subfield code="a">Library</subfield>
         <subfield code="a">Other</subfield>
      </datafield>
      <datafield tag="371" ind1=" " ind2=" ">
         <subfield code="a">Triq San Pawl</subfield>
         <subfield code="b">Mdina</subfield>
         <subfield code="d">Malta</subfield>
         <subfield code="m">reception.museum@metropolitanchapter.com</subfield>
         <subfield code="u">https://www.metropolitanchapter.com/mdina-cathedral-museum/</subfield>
         <subfield code="z">tel: +356 / 21 454 697</subfield>
      </datafield>
      <datafield tag="551" ind1="1" ind2=" ">
         <subfield code="a">Mdina</subfield>
         <subfield code="0">places/3904559</subfield>
      </datafield>
      <datafield tag="680" ind1="1" ind2=" ">
         <subfield code="a">The Cathedral Museum has a set of 6 enormous graduals written for Bishop Martin Royas in 1573 and some manuscript music of Karm Psaila (1871–1961), for example Sonatine for mandolin dated 1893.</subfield>
      </datafield>
   </record>