
   <record>
      <leader>00000nz  a2200000nc 4500</leader>
      <controlfield tag="001">institutions/51001808</controlfield>
      <controlfield tag="003">DE-633</controlfield>
      <controlfield tag="005">20250620052241.0</controlfield>
      <controlfield tag="008">180903||||z|||a|||||||||||||||||n||||||d</controlfield>
      <datafield tag="024" ind1="7" ind2=" ">
         <subfield code="a">M-Rmsp</subfield>
         <subfield code="q">siglum</subfield>
         <subfield code="2">rism</subfield>
      </datafield>
      <datafield tag="040" ind1=" " ind2=" ">
         <subfield code="a">DE-633</subfield>
         <subfield code="c">DE-633</subfield>
         <subfield code="e">rismg</subfield>
      </datafield>
      <datafield tag="043" ind1=" " ind2=" ">
         <subfield code="c">XA-MT</subfield>
      </datafield>
      <datafield tag="110" ind1="1" ind2=" ">
         <subfield code="a">Missionary Society of St Paul</subfield>
         <subfield code="c">Rabat</subfield>
         <subfield code="g">M-Rmsp</subfield>
      </datafield>
      <datafield tag="368" ind1=" " ind2=" ">
         <subfield code="a">Institution</subfield>
         <subfield code="a">Library</subfield>
      </datafield>
      <datafield tag="371" ind1=" " ind2=" ">
         <subfield code="a">St Agatha's Motherhouse</subfield>
         <subfield code="b">Rabat, RBT 2020</subfield>
         <subfield code="d">Malta</subfield>
         <subfield code="m">stagatha@mssp.org.mt</subfield>
         <subfield code="u">http://missionarysocietyofstpaul.org/</subfield>
         <subfield code="z">tel: +356 / 21.459.222, 21.454.503</subfield>
         <subfield code="z">fax: +356 / 21.450.196</subfield>
      </datafield>
      <datafield tag="551" ind1="1" ind2=" ">
         <subfield code="a">Rabat</subfield>
         <subfield code="0">places/3904630</subfield>
      </datafield>
      <datafield tag="680" ind1="1" ind2=" ">
         <subfield code="a">The Missionary Society of St Paul has 18 fragments of an unknown 17th-century Italian cantata, as well as 20th-century manuscripts.</subfield>
      </datafield>
   </record>