
   <record>
      <leader>00000nz  a2200000nc 4500</leader>
      <controlfield tag="001">institutions/51001809</controlfield>
      <controlfield tag="003">DE-633</controlfield>
      <controlfield tag="005">20250620052241.0</controlfield>
      <controlfield tag="008">180903||||z|||a|||||||||||||||||n||||||d</controlfield>
      <datafield tag="024" ind1="7" ind2=" ">
         <subfield code="a">101144928788854441415</subfield>
         <subfield code="2">VIAF</subfield>
      </datafield>
      <datafield tag="024" ind1="7" ind2=" ">
         <subfield code="a">M-Rna</subfield>
         <subfield code="q">siglum</subfield>
         <subfield code="2">rism</subfield>
      </datafield>
      <datafield tag="034" ind1="1" ind2=" ">
         <subfield code="d">14.401408</subfield>
         <subfield code="f">35.881922</subfield>
      </datafield>
      <datafield tag="040" ind1=" " ind2=" ">
         <subfield code="a">DE-633</subfield>
         <subfield code="c">DE-633</subfield>
         <subfield code="e">rismg</subfield>
      </datafield>
      <datafield tag="043" ind1=" " ind2=" ">
         <subfield code="c">XA-MT</subfield>
      </datafield>
      <datafield tag="110" ind1="1" ind2=" ">
         <subfield code="a">National Archives of Malta</subfield>
         <subfield code="c">Rabat</subfield>
         <subfield code="g">M-Rna</subfield>
      </datafield>
      <datafield tag="368" ind1=" " ind2=" ">
         <subfield code="a">Institution</subfield>
         <subfield code="a">Library</subfield>
         <subfield code="a">Archive</subfield>
      </datafield>
      <datafield tag="371" ind1=" " ind2=" ">
         <subfield code="a">Hospital Street</subfield>
         <subfield code="b">Rabat, RBT 1043</subfield>
         <subfield code="d">Malta</subfield>
         <subfield code="m">customercare.archives@gov.mt</subfield>
         <subfield code="u">https://nationalarchives.gov.mt/default.aspx</subfield>
         <subfield code="z">tel: +356 / 2145 9863</subfield>
         <subfield code="z">fax: +356 / 2145 0078</subfield>
      </datafield>
      <datafield tag="551" ind1="1" ind2=" ">
         <subfield code="a">Rabat</subfield>
         <subfield code="0">places/3904630</subfield>
      </datafield>
      <datafield tag="680" ind1="1" ind2=" ">
         <subfield code="a">The National Archives of Malta have a Guidonian hand in an 18th-century manuscript, with a tonary on the same sheet.</subfield>
      </datafield>
   </record>