
   <record>
      <leader>00000nz  a2200000nc 4500</leader>
      <controlfield tag="001">institutions/30080818</controlfield>
      <controlfield tag="003">DE-633</controlfield>
      <controlfield tag="005">20250620052133.0</controlfield>
      <controlfield tag="008">161109||||z|||a|||||||||||||||||n||||||d</controlfield>
      <datafield tag="024" ind1="7" ind2=" ">
         <subfield code="a">M-Rwm</subfield>
         <subfield code="q">siglum</subfield>
         <subfield code="2">rism</subfield>
      </datafield>
      <datafield tag="040" ind1=" " ind2=" ">
         <subfield code="a">DE-633</subfield>
         <subfield code="c">DE-633</subfield>
         <subfield code="e">rismg</subfield>
      </datafield>
      <datafield tag="043" ind1=" " ind2=" ">
         <subfield code="c">XA-MT</subfield>
      </datafield>
      <datafield tag="110" ind1="2" ind2=" ">
         <subfield code="a">Wignacourt Collegiate Museum</subfield>
         <subfield code="c">Rabat</subfield>
         <subfield code="g">M-Rwm</subfield>
      </datafield>
      <datafield tag="368" ind1=" " ind2=" ">
         <subfield code="a">Institution</subfield>
      </datafield>
      <datafield tag="368" ind1=" " ind2=" ">
         <subfield code="a">Library</subfield>
      </datafield>
      <datafield tag="371" ind1=" " ind2=" ">
         <subfield code="a">Wignacourt Collegiate Museum, Parish Square, College Street, Rabat RBT 1400, Malta</subfield>
         <subfield code="u">http://www.wignacourtmuseum.com/</subfield>
      </datafield>
      <datafield tag="551" ind1=" " ind2=" ">
         <subfield code="a">Rabat</subfield>
         <subfield code="0">places/3904630</subfield>
      </datafield>
      <datafield tag="680" ind1=" " ind2=" ">
         <subfield code="a">There is a notated psalter, the 'Wignacourt Psalter'.</subfield>
      </datafield>
   </record>