
   <record>
      <leader>00000nz  a2200000nc 4500</leader>
      <controlfield tag="001">institutions/30004689</controlfield>
      <controlfield tag="003">DE-633</controlfield>
      <controlfield tag="005">20250620052032.0</controlfield>
      <controlfield tag="008">161109||||z|||a|||||||||||||||||n||||||d</controlfield>
      <datafield tag="024" ind1="7" ind2=" ">
         <subfield code="a">M-Vnl</subfield>
         <subfield code="q">siglum</subfield>
         <subfield code="2">rism</subfield>
      </datafield>
      <datafield tag="034" ind1="1" ind2=" ">
         <subfield code="d">14.513466</subfield>
         <subfield code="f">35.898305</subfield>
      </datafield>
      <datafield tag="040" ind1=" " ind2=" ">
         <subfield code="a">DE-633</subfield>
         <subfield code="c">DE-633</subfield>
         <subfield code="e">rismg</subfield>
      </datafield>
      <datafield tag="043" ind1=" " ind2=" ">
         <subfield code="c">XA-MT</subfield>
      </datafield>
      <datafield tag="110" ind1="1" ind2=" ">
         <subfield code="a">National Library of Malta</subfield>
         <subfield code="c">Valletta</subfield>
         <subfield code="g">M-Vnl</subfield>
      </datafield>
      <datafield tag="368" ind1=" " ind2=" ">
         <subfield code="a">Institution</subfield>
         <subfield code="a">Library</subfield>
      </datafield>
      <datafield tag="371" ind1=" " ind2=" ">
         <subfield code="a">36 Old Treasury Street</subfield>
         <subfield code="b">Valletta, VLT 1410</subfield>
         <subfield code="d">Malta</subfield>
         <subfield code="m">customercare.nlm@gov.mt</subfield>
         <subfield code="u">https://www.maltalibraries.gov.mt</subfield>
         <subfield code="z">tel: +356 / 2123 6585</subfield>
      </datafield>
      <datafield tag="551" ind1="1" ind2=" ">
         <subfield code="a">Valletta</subfield>
         <subfield code="0">places/3904274</subfield>
      </datafield>
   </record>